<?xml version="1.0"?>
<record xmlns="http://www.loc.gov/MARC21/slim">
  <leader>05606cam a2200805 a 4500</leader>
  <controlfield tag="001">newalicejerrybas01odon</controlfield>
  <controlfield tag="003">CaSfIA</controlfield>
  <controlfield tag="005">20160820140042.0</controlfield>
  <controlfield tag="007">cr||||||||||||</controlfield>
  <controlfield tag="008">821220m19369999ilu    j          0 eng c</controlfield>
  <datafield tag="035" ind1=" " ind2=" ">
    <subfield code="a">ocm65652371</subfield>
  </datafield>
  <datafield tag="040" ind1=" " ind2=" ">
    <subfield code="b">eng</subfield>
    <subfield code="d">CaSfIA</subfield>
  </datafield>
  <datafield tag="049" ind1=" " ind2=" ">
    <subfield code="a">aeu</subfield>
    <subfield code="b">eng</subfield>
  </datafield>
  <datafield tag="050" ind1=" " ind2="4">
    <subfield code="a">PE 1121</subfield>
    <subfield code="b">A39 1936</subfield>
  </datafield>
  <datafield tag="090" ind1="0" ind2="0">
    <subfield code="a">PE 1121 A39 1936 r.-prim.</subfield>
    <subfield code="b">CH</subfield>
  </datafield>
  <datafield tag="090" ind1="0" ind2="0">
    <subfield code="a">PE 1121 A39 1936 r.-prim</subfield>
    <subfield code="b">CH</subfield>
  </datafield>
  <datafield tag="245" ind1="0" ind2="4">
    <subfield code="a">The Alice and Jerry basic reading program :</subfield>
    <subfield code="h">[electronic resource] </subfield>
    <subfield code="b">[r.-prim.] /</subfield>
    <subfield code="c">by Mabel O'Donnell ... [et al.].</subfield>
  </datafield>
  <datafield tag="260" ind1=" " ind2=" ">
    <subfield code="a">Evanston, Ill. :</subfield>
    <subfield code="b">Row, Peterson,</subfield>
    <subfield code="c">c1936-.</subfield>
  </datafield>
  <datafield tag="300" ind1=" " ind2=" ">
    <subfield code="a">v. :</subfield>
    <subfield code="b">ill. ;</subfield>
    <subfield code="c">19-28 cm.</subfield>
  </datafield>
  <datafield tag="336" ind1=" " ind2=" ">
    <subfield code="a">text</subfield>
    <subfield code="b">txt</subfield>
    <subfield code="2">rdacontent</subfield>
  </datafield>
  <datafield tag="337" ind1=" " ind2=" ">
    <subfield code="a">unmediated</subfield>
    <subfield code="b">n</subfield>
    <subfield code="2">rdamedia</subfield>
  </datafield>
  <datafield tag="338" ind1=" " ind2=" ">
    <subfield code="a">volume</subfield>
    <subfield code="b">nc</subfield>
    <subfield code="2">rdacarrier</subfield>
  </datafield>
  <datafield tag="500" ind1=" " ind2=" ">
    <subfield code="a">Some v. have title: The Alice and Jerry basic readers. Reading foundation series.</subfield>
  </datafield>
  <datafield tag="500" ind1=" " ind2=" ">
    <subfield code="a">Editions vary on some texts.</subfield>
  </datafield>
  <datafield tag="500" ind1=" " ind2=" ">
    <subfield code="a">Accompanied by Guidebooks for teachers [tch.gd.], Workbooks [wkbk.], Companion books [compn.bk.] and vocabularies [vocab.].</subfield>
  </datafield>
  <datafield tag="505" ind1="0" ind2=" ">
    <subfield code="a">[r. pt.1] Here we go -- [r. pt.2] Over the wall -- [p-prim. pt.1] Skip along -- [p-prim. pt.2] Under the sun -- [p-prim. pt.3] Open the door -- [p-prim. pt.4] High on a hill -- [p-prim. pt.5] Happy days -- [p-prim. pt.6] Rides and slides -- [p-prim. pt.7] Here and there -- [prim. pt.1] Day in, day out --[prim. pt.2] Wishing Well.</subfield>
  </datafield>
  <datafield tag="596" ind1=" " ind2=" ">
    <subfield code="a">38 41</subfield>
  </datafield>
  <datafield tag="597" ind1=" " ind2=" ">
    <subfield code="a">3:PE 1121 A39 1936 r.-prim. prim. pt.1 compn. bk</subfield>
    <subfield code="a">7:PE 1121 A39 1936 r.-prim. &lt;p-prim. wkbk.&gt;</subfield>
    <subfield code="a">8:PE 1121 A39 1936 r.-prim. &lt;p-prim. vocab. wkbk.&gt;</subfield>
    <subfield code="a">14:PE 1121 A39 1936 r.-prim. prim. pt.1 wkbk</subfield>
    <subfield code="a">15:PE 1121 A39 1936 r.-prim. prim. pt.1 tch.gd</subfield>
    <subfield code="a">17:PE 1121 A39 1936 r.-prim. prim. vocab. wkbk</subfield>
    <subfield code="a">18:PE 1121 A39 1936 r.-prim. prim. pt.1 wkbk</subfield>
    <subfield code="a">19:PE 1121 A39 1936 r.-prim. prim. pt.1 tch.gd</subfield>
    <subfield code="a">20:PE 1121 A39 1936 r.-prim. prim. vocab. wkbk</subfield>
    <subfield code="a">23:PE 1121 A39 1936 r.-prim. &lt;p-prim. pt.6 compn. bk.&gt;</subfield>
  </datafield>
  <datafield tag="650" ind1=" " ind2="0">
    <subfield code="a">Readers.</subfield>
    <subfield code="v">Juvenile literature.</subfield>
  </datafield>
  <datafield tag="650" ind1=" " ind2="0">
    <subfield code="a">Readers (Primary)</subfield>
    <subfield code="v">Juvenile literature.</subfield>
  </datafield>
  <datafield tag="700" ind1="1" ind2=" ">
    <subfield code="a">O'Donnell, Mabel.</subfield>
  </datafield>
  <datafield tag="740" ind1="0" ind2=" ">
    <subfield code="a">Alice and Jerry basic readers. Reading foundation series.</subfield>
  </datafield>
  <datafield tag="856" ind1="4" ind2="1">
    <subfield code="u">http://archive.org/details/newalicejerrybas01odon</subfield>
    <subfield code="z">Free eBook from the Internet Archive</subfield>
    <subfield code="3">Volume Pre-Primer - Part 1</subfield>
  </datafield>
</record>
